<record><leader>00000cas a22000007a 4500</leader><controlfield tag="001">10124581</controlfield><controlfield tag="008">831114c19739999nyuwn ne      0   a0eng d</controlfield><datafield ind1=" " ind2=" " tag="010"><subfield code="a">sn 83003211 </subfield></datafield><datafield ind1=" " ind2=" " tag="040"><subfield code="a">NSD</subfield><subfield code="b">eng</subfield><subfield code="c">NSD</subfield><subfield code="d">NYG</subfield><subfield code="d">NYS</subfield><subfield code="d">OCLCQ</subfield><subfield code="d">OCLCF</subfield><subfield code="d">OCLCO</subfield></datafield><datafield ind1=" " ind2=" " tag="012"><subfield code="m">1</subfield></datafield><datafield ind1="1" ind2=" " tag="022"><subfield code="a">0746-5289</subfield><subfield code="l">0746-5289</subfield><subfield code="2">1</subfield></datafield><datafield ind1="1" ind2=" " tag="029"><subfield code="a">AU@</subfield><subfield code="b">000020292249</subfield></datafield><datafield ind1=" " ind2=" " tag="032"><subfield code="a">967300</subfield><subfield code="b">USPS</subfield></datafield><datafield ind1=" " ind2=" " tag="037"><subfield code="b">Newfield News, Main St., Newfield, NY 14867</subfield></datafield><datafield ind1=" " ind2=" " tag="042"><subfield code="a">nsdp</subfield></datafield><datafield ind1=" " ind2=" " tag="043"><subfield code="a">n-us-ny</subfield></datafield><datafield ind1=" " ind2="0" tag="222"><subfield code="a">Newfield news</subfield></datafield><datafield ind1="0" ind2="0" tag="245"><subfield code="a">Newfield news.</subfield></datafield><datafield ind1=" " ind2=" " tag="260"><subfield code="a">Newfield, N.Y. :</subfield><subfield code="b">Newfield Communications Association, Inc.</subfield></datafield><datafield ind1=" " ind2=" " tag="300"><subfield code="a">v.</subfield></datafield><datafield ind1=" " ind2=" " tag="310"><subfield code="a">Weekly (except 2 weeks at Christmas),</subfield><subfield code="b">&lt;1981&gt;-</subfield></datafield><datafield ind1=" " ind2=" " tag="321"><subfield code="a">Weekly,</subfield><subfield code="b">Feb. 5/11, 1973-&lt;1980&gt;</subfield></datafield><datafield ind1="0" ind2=" " tag="362"><subfield code="a">Vol. 1, no. 1 (Feb. 5/11, 1973)-</subfield></datafield><datafield ind1=" " ind2=" " tag="500"><subfield code="a">Publication was preceeded by 'special advertising sampler' dated Jan. 1973.</subfield></datafield><datafield ind1=" " ind2=" " tag="500"><subfield code="a">Publishers: Newfield Communications Association, Inc., Feb. 5/11, 1973-&lt;Jan. 1980&gt;; Odyssey Publications, Sept. 24/30, 1980-</subfield></datafield><datafield ind1=" " ind2=" " tag="500"><subfield code="a">"Serving Newfield and West Danby, New York."</subfield></datafield><datafield ind1=" " ind2="0" tag="651"><subfield code="a">Newfield (N.Y.)</subfield><subfield code="v">Newspapers.</subfield></datafield><datafield ind1=" " ind2="0" tag="651"><subfield code="a">Tompkins County (N.Y.)</subfield><subfield code="v">Newspapers.</subfield></datafield><datafield ind1=" " ind2="4" tag="651"><subfield code="a">West Danby (N.Y.)</subfield><subfield code="v">Newspapers.</subfield></datafield><datafield ind1=" " ind2="7" tag="655"><subfield code="a">Newspapers.</subfield><subfield code="2">fast</subfield><subfield code="0">(OCoLC)fst01423814</subfield></datafield><datafield ind1=" " ind2="7" tag="651"><subfield code="a">New York (State)</subfield><subfield code="z">Newfield.</subfield><subfield code="2">fast</subfield><subfield code="0">(OCoLC)fst01268419</subfield></datafield><datafield ind1=" " ind2="7" tag="651"><subfield code="a">New York (State)</subfield><subfield code="z">Tompkins County.</subfield><subfield code="2">fast</subfield><subfield code="0">(OCoLC)fst01207029</subfield></datafield><datafield ind1=" " ind2=" " tag="752"><subfield code="a">United States</subfield><subfield code="b">New York</subfield><subfield code="c">Tompkins</subfield><subfield code="d">Newfield.</subfield></datafield><datafield ind1=" " ind2=" " tag="752"><subfield code="a">United States</subfield><subfield code="b">New York</subfield><subfield code="c">Tompkins</subfield><subfield code="d">West Danby.</subfield></datafield><datafield ind1="0" ind2="0" tag="780"><subfield code="t">Newfield newsletter</subfield><subfield code="w">(DLC)sn 91066157</subfield><subfield code="w">(OCoLC)23166340</subfield></datafield></record>